% This file was created with JabRef 2.10.
% Encoding: UTF8

@book{back2012web,
	title={Web 2.0 und Social Media in der Unternehmenspraxis: Grundlagen, Anwendungen und Methoden mit zahlreichen Fallstudien},
	author={Back, Andrea and Gronau, Norbert and Tochtermann, Klaus},
	volume={3},
	year={2012},
	publisher={Oldenbourg}
}

@article{eisenhardt1989building,
	title={Building theories from case study research},
	author={Eisenhardt, Kathleen M},
	journal={Academy of management review},
	volume={14},
	number={4},
	pages={532--550},
	year={1989},
	publisher={Academy of Management Briarcliff Manor, NY 10510}
}

@book{drucker1998harvard,
	title={Harvard business review on knowledge management},
	author={Drucker, Peter F},
	year={1998},
	publisher={Harvard Business Press}
}

@book{romhardt2013organisation,
	title={Die Organisation aus der Wissensperspektive: M{\"o}glichkeiten und Grenzen der Intervention},
	author={Romhardt, Kai},
	year={2013},
	publisher={Springer-Verlag}
}

@Book{diekmann2010,
 author = {Diekmann, Andreas},
 title = {Empirische Sozialforschung: Grundlagen, Methoden, Anwendungen},
 publisher = {Rowohlt-Taschenbuch-Verlag},
 year = {2010},
 address = {Reinbek bei Hamburg},
 isbn = {978-3-499-55678-4},
 Edition = {5}
 }

% TODO: delete all above here

@misc{WinNT,
  title = {{MS Windows NT} Kernel Description},
  howpublished = {\url{http://web.archive.org/web/20080207010024/http://www.808multimedia.com/winnt/kernel.htm}},
  note = {Accessed: 2010-09-30}
}

@misc{bworld,
  author = {Ingo Lütkebohle},
  title = {{BWorld Robot Control Software}},
  howpublished={\url{http://my.url.com/}},
  year = {2008},
  note = {[Online; accessed 19-July-2008]},
}

@article{hall2009raspberry,
        title={Raspberry breeding and genetics},
        author={Hall, H and Hummer, K and Jamieson, A and Jennings, S and Weber, C},
        journal={Plant Breeding Reviews: Raspberry Breeding and Genetics. USA},
        volume={32},
        pages={39--353},
        year={2009}
}

@article{improvingTCPperformance2016LiuLee,
	author={K. {Liu} and J. Y. B. {Lee}},
	journal={IEEE Transactions on Mobile Computing},
	title={On Improving TCP Performance over Mobile Data Networks},
	year={2016},
	volume={15},
	number={10},
	pages={2522-2536}
}

@misc{ciscoReport2020,
	author = {},
	title = {Cisco Annual Internet Report (2018–2023) White Paper},
	year = {2020},
	url = {https://www.cisco.com/c/en/us/solutions/collateral/executive-perspectives/annual-internet-report/white-paper-c11-741490.html},
}

@misc{lapidous2019local,
  title={Local Interception Of Traffic To A Remote Forward Proxy},
  author={Lapidous, Eugene and Ghiocel, Sean and Molchanov, Maxim and Panisset, Eduardo},
  year={2019},
  month=jun # "~6",
  publisher={Google Patents},
  note={US Patent App. 16/058,567}
}

@misc{araujo2005network,
  title={Network access using reverse proxy},
  author={Araujo, Kenneth and Best, Reginald and Heitmueller, Devin and Tikhonov, Dmitri},
  year={2005},
  month=nov # "~24",
  publisher={Google Patents},
  note={US Patent App. 11/078,001}
}

@misc{desai2009system,
  title={System and method for managing security meta-data in a reverse proxy},
  author={Desai, Ajay and Lei, Ming and Goell, Fredric and Jacobs, Lawrence},
  year={2009},
  month=oct # "~6",
  publisher={Google Patents},
  note={US Patent 7,600,230}
}

@misc{handa2017services,
  title={Services within reverse proxy servers},
  author={Handa, Nitin and Yamuna, Prakash},
  year={2017},
  month=may # "~9",
  publisher={Google Patents},
  note={US Patent 9,648,043}
}

@misc{takahashi2004reverse,
  title={Reverse proxy mediator for servers},
  author={Takahashi, Koichi},
  year={2004},
  month=mar # "~4",
  publisher={Google Patents},
  note={US Patent App. 10/653,666}
}

@article{stricek2002reverse,
  title={A reverse proxy is a proxy by any other name},
  author={Stricek, Art},
  journal={SANS Institute InfoSec Reading Room},
  volume={13},
  year={2002}
}

@article{basford2020performance,
  title={Performance analysis of single board computer clusters},
  author={Basford, Philip J and Johnston, Steven J and Perkins, Colin S and Garnock-Jones, Tony and Tso, Fung Po and Pezaros, Dimitrios and Mullins, Robert D and Yoneki, Eiko and Singer, Jeremy and Cox, Simon J},
  journal={Future Generation Computer Systems},
  volume={102},
  pages={278--291},
  year={2020},
  publisher={Elsevier}
}

@article{johnston2018commodity,
  title={Commodity single board computer clusters and their applications},
  author={Johnston, Steven J and Basford, Philip J and Perkins, Colin S and Herry, Herry and Tso, Fung Po and Pezaros, Dimitrios and Mullins, Robert D and Yoneki, Eiko and Cox, Simon J and Singer, Jeremy},
  journal={Future Generation Computer Systems},
  volume={89},
  pages={201--212},
  year={2018},
  publisher={Elsevier}
}

@article{baun2016clusters,
author={Baun,Christian},
year={2016},
title={Mobile clusters of single board computers: an option for providing resources to student projects and researchers},
journal={SpringerPlus},
volume={5},
number={1},
pages={1-20},
abstract={Clusters usually consist of servers, workstations or personal computers as nodes. But especially for academic purposes like student projects or scientific projects, the cost for purchase and operation can be a challenge. Single board computers cannot compete with the performance or energy-efficiency of higher-value systems, but they are an option to build inexpensive cluster systems. Because of the compact design and modest energy consumption, it is possible to build clusters of single board computers in a way that they are mobile and can be easily transported by the users. This paper describes the construction of such a cluster, useful applications and the performance of the single nodes. Furthermore, the clusters' performance and energy-efficiency is analyzed by executing the High Performance Linpack benchmark with a different number of nodes and different proportion of the systems total main memory utilized.;  Clusters usually consist of servers, workstations or personal computers as nodes. But especially for academic purposes like student projects or scientific projects, the cost for purchase and operation can be a challenge. Single board computers cannot compete with the performance or energy-efficiency of higher-value systems, but they are an option to build inexpensive cluster systems. Because of the compact design and modest energy consumption, it is possible to build clusters of single board computers in a way that they are mobile and can be easily transported by the users. This paper describes the construction of such a cluster, useful applications and the performance of the single nodes. Furthermore, the clusters' performance and energy-efficiency is analyzed by executing the High Performance Linpack benchmark with a different number of nodes and different proportion of the systems total main memory utilized.;},
keywords={Speedup; Science; Single board computers; Performance; Science, general},
isbn={2193-1801},
language={English},
}

@book{fjordvald2018nginx,
  title={Nginx HTTP Server: Harness the power of Nginx to make the most of your infrastructure and serve pages faster than ever before},
  author={Fjordvald, Martin Bjerretoft and Nedelcu, Clement},
  year={2018},
  publisher={Packt Publishing Ltd}
}

@ARTICLE{babouFall2020ieee,
  author={C. S. M. {Babou} and D. {Fall} and S. {Kashihara} and Y. {Taenaka} and M. H. {Bhuyan} and I. {Niang} and Y. {Kadobayashi}},
  journal={IEEE Access},
  title={Hierarchical Load Balancing and Clustering Technique for Home Edge Computing},
  year={2020},
  volume={8},
  number={},
  pages={127593-127607},
  doi={10.1109/ACCESS.2020.3007944}
}

@article{rohadi2020journalofphysics,
	doi = {10.1088/1742-6596/1450/1/012068},
	url = {https://doi.org/10.1088/1742-6596/1450/1/012068},
	year = 2020,
	month = {feb},
	publisher = {{IOP} Publishing},
	volume = {1450},
	pages = {012068},
	author = {E Rohadi and A Amalia and A Prasetyo and M F Rahmat and A Setiawan and I Siradjuddin},
	title = {Cluster implementation on mini Raspberry Pi computers using Round Robin Algorithm},
	journal = {Journal of Physics: Conference Series},
	abstract = {The incredible growth of the internet over the past five years makes the data traffic increase significantly. When a single server gets requests from many clients, the overload will likely occur, so requests from many clients cannot be handled optimally. This results in decreased server performance. In this work, cluster implementation on mini raspberry pi computers using the load balancing method is proposed. This system used the Round Robin Algorithm in the scheduling process in each CPU queue. The implementation of server cluster consisting of Raspberry Pi with the addition of load balancing is done to overcome the limited resources on the server. When clients in the amount of 100, 200, and 500 generated by sending 1000 requests simultaneously on each test, the response times obtained are 67.3 ms, 95.3 ms, and 182.3 ms, while throughputs are 62.50 Kbps, 76.42 Kbps, and 79.62 Kbps, respectively. The results show that the responses time and throughputs are stable with Round Robin algorithm contribution. That means the Round Robin Algorithm has availability in server clustering purposes. The system promises to be an alternative server solution that is cheaper and overcomes resource limitations on the server.}
}

@article{satish2020study,
  title={A STUDY ON CLUSTERING OF RASPBERRY PI},
  author={Satish, Ms Aditi and Sandeep, Mr Jasan and Barot, Mr Jeet and Choudhary, Mr Darshan and Hutke, Sonal},
  journal={International Engineering Journal For Research \& Development},
  volume={5},
  number={5},
  pages={7--7},
  year={2020}
}

@misc{kratky2013client,
  title={Client/server development based on the apple event object model},
  author={Kratky, S and Reichenberger, C},
  year={2013},
  publisher={Atlanta}
}

@inproceedings{maduranga2016comparison,
  title={Comparison of load balancing methods for Raspberry-Pi Clustered Embedded Web Servers},
  author={Maduranga, MWP and Ragel, Roshan G},
  booktitle={2016 International Computer Science and Engineering Conference (ICSEC)},
  pages={1--4},
  year={2016},
  organization={IEEE}
}

@misc{apacheDocsModProxy,
	author = {httpd.apache.org},
	title = {Apache Module mod\_proxy\_balancer},
	year = {2020},
	url = {https://httpd.apache.org/docs/2.4/mod/mod_proxy_balancer.html}
}


@misc{nginxDocsLoadBalancer,
	author = {docs.nginx.com},
	title = {HTTP Load Balancing},
	year = {2020},
	url = {https://docs.nginx.com/nginx/admin-guide/load-balancer/http-load-balancer}
}

@article{mishra2020load,
  title={Load balancing in cloud computing: a big picture},
  author={Mishra, Sambit Kumar and Sahoo, Bibhudatta and Parida, Priti Paramita},
  journal={Journal of King Saud University-Computer and Information Sciences},
  volume={32},
  number={2},
  pages={149--158},
  year={2020},
  publisher={Elsevier}
}

@inproceedings{bohn2011nist,
  title={NIST cloud computing reference architecture},
  author={Bohn, Robert B and Messina, John and Liu, Fang and Tong, Jin and Mao, Jian},
  booktitle={2011 IEEE World Congress on Services},
  pages={594--596},
  year={2011},
  organization={IEEE}
}

@misc{apacheHttpApacheOrg,
	author = {httpd.apache.org},
	title = {The Number One HTTP Server On The Internet},
	year = {2021},
	url = {https://httpd.apache.org}
}

@misc{nginxOrgEn,
	author = {nginx.org},
	title = {nginx},
	year = {2021},
	url = {https://nginx.org/en}
}

@misc{loadBalancingDefinitionCitrix,
	author = {citrix.com},
	title = {What is load balancing?},
	year = {2021},
	url = {https://www.citrix.com/solutions/app-delivery-and-security/load-balancing/what-is-load-balancing.html}
}

@misc{reverseProxyDefinitionNginxCom,
	author = {www.nginx.com},
	title = {What is a Reverse Proxy vs. Load Balancer?},
	year = {2021},
	url = {https://www.nginx.com/resources/glossary/reverse-proxy-vs-load-balancer}
}

@incollection{shukla2020analysis,
  title={Analysis of Effective Load Balancing Techniques in Distributed Environment},
  author={Shukla, Anju and Kumar, Shishir and Singh, Harikesh},
  booktitle={Linked Open Data-Applications, Trends and Future Developments},
  year={2020},
  publisher={IntechOpen}
}

@misc{clusterDefinitionTechopedia,
	author = {techopedia.com},
	title = {Cluster (Servers)},
	year = {2021},
	url = {https://www.techopedia.com/definition/997/cluster-servers}
}

@article{garg2015adaptive,
  title={Adaptive workflow scheduling in grid computing based on dynamic resource availability},
  author={Garg, Ritu and Singh, Awadhesh Kumar},
  journal={Engineering Science and Technology, an International Journal},
  volume={18},
  number={2},
  pages={256--269},
  year={2015},
  publisher={Elsevier}
}

@article{arabnejad2014budget,
  title={A budget constrained scheduling algorithm for workflow applications},
  author={Arabnejad, Hamid and Barbosa, Jorge G},
  journal={Journal of grid computing},
  volume={12},
  number={4},
  pages={665--679},
  year={2014},
  publisher={Springer}
}

@article{chaisiri2011optimization,
  title={Optimization of resource provisioning cost in cloud computing},
  author={Chaisiri, Sivadon and Lee, Bu-Sung and Niyato, Dusit},
  journal={IEEE transactions on services Computing},
  volume={5},
  number={2},
  pages={164--177},
  year={2011},
  publisher={IEEE}
}

@article{singh2014resource,
  title={Resource cost optimization for dynamic load balancing on web server system},
  author={Singh, Harikesh and Kumar, Shishir},
  journal={International Journal of Distributed and Cloud Computing},
  volume={2},
  number={1},
  pages={7--18},
  year={2014}
}

@article{bittencourt2011hcoc,
  title={HCOC: a cost optimization algorithm for workflow scheduling in hybrid clouds},
  author={Bittencourt, Luiz Fernando and Madeira, Edmundo Roberto Mauro},
  journal={Journal of Internet Services and Applications},
  volume={2},
  number={3},
  pages={207--227},
  year={2011},
  publisher={Springer}
}

@inproceedings{cao2009optimized,
  title={An optimized algorithm for task scheduling based on activity based costing in cloud computing},
  author={Cao, Qi and Wei, Zhi-Bo and Gong, Wen-Mao},
  booktitle={2009 3rd international conference on bioinformatics and biomedical engineering},
  pages={1--3},
  year={2009},
  organization={IEEE}
}

@article{suresh2019competent,
  title={Competent resource provisioning and distribution techniques for cloud computing environment},
  author={Suresh, Annamalai and Varatharajan, R},
  journal={Cluster Computing},
  volume={22},
  number={5},
  pages={11039--11046},
  year={2019},
  publisher={Springer}
}

@article{salehan2017online,
  title={An online valuation-based sealed winner-bid auction game for resource allocation and pricing in clouds},
  author={Salehan, Alireza and Deldari, Hossein and Abrishami, Saeid},
  journal={The Journal of Supercomputing},
  volume={73},
  number={11},
  pages={4868--4905},
  year={2017},
  publisher={Springer}
}

@article{nezarat2016game,
  title={A game theoretical model for profit maximization resource allocation in cloud environment with budget and deadline constraints},
  author={Nezarat, Amin and Dastghaibyfard, Gh},
  journal={The Journal of Supercomputing},
  volume={72},
  number={12},
  pages={4737--4770},
  year={2016},
  publisher={Springer}
}

@article{netjinda2014cost,
  title={Cost optimal scheduling in IaaS for dependent workload with particle swarm optimization},
  author={Netjinda, Nuttapong and Sirinaovakul, Booncharoen and Achalakul, Tiranee},
  journal={The Journal of Supercomputing},
  volume={68},
  number={3},
  pages={1579--1603},
  year={2014},
  publisher={Springer}
}

@article{chunlin2015cost,
  title={Cost and energy aware service provisioning for mobile client in cloud computing environment},
  author={Chunlin, Li and LaYuan, Li},
  journal={The Journal of Supercomputing},
  volume={71},
  number={4},
  pages={1196--1223},
  year={2015},
  publisher={Springer}
}

@article{hasan2018fault,
  title={Fault tolerance in cloud computing environment: A systematic survey},
  author={Hasan, Moin and Goraya, Major Singh},
  journal={Computers in Industry},
  volume={99},
  pages={156--172},
  year={2018},
  publisher={Elsevier}
}

@article{patel2016improved,
  title={An improved load-balancing mechanism based on deadline failure recovery on GridSim},
  author={Patel, Deepak Kumar and Tripathy, Devashree and Tripathy, Chitaranjan},
  journal={Engineering with Computers},
  volume={32},
  number={2},
  pages={173--188},
  year={2016},
  publisher={Springer}
}

@inproceedings{egwutuoha2012fault,
  title={A fault tolerance framework for high performance computing in cloud},
  author={Egwutuoha, Ifeanyi P and Chen, Shiping and Levy, David and Selic, Bran},
  booktitle={2012 12th IEEE/ACM International Symposium on Cluster, Cloud and Grid Computing (ccgrid 2012)},
  pages={709--710},
  year={2012},
  organization={IEEE}
}

@article{choi2014fault,
  title={Fault tolerance and QoS scheduling using CAN in mobile social cloud computing},
  author={Choi, SookKyong and Chung, KwangSik and Yu, Heonchang},
  journal={Cluster computing},
  volume={17},
  number={3},
  pages={911--926},
  year={2014},
  publisher={Springer}
}

@article{mei2015fault,
  title={Fault-tolerant dynamic rescheduling for heterogeneous computing systems},
  author={Mei, Jing and Li, Kenli and Zhou, Xu and Li, Keqin},
  journal={Journal of Grid Computing},
  volume={13},
  number={4},
  pages={507--525},
  year={2015},
  publisher={Springer}
}

@article{nazir2012replication,
  title={Replication based fault tolerant job scheduling strategy for economy driven grid},
  author={Nazir, Babar and Qureshi, Kalim and Manuel, Paul},
  journal={The Journal of Supercomputing},
  volume={62},
  number={2},
  pages={855--873},
  year={2012},
  publisher={Springer}
}

@article{qureshi2011hybrid,
  title={A hybrid fault tolerance technique in grid computing system},
  author={Qureshi, Kalim and Khan, Fiaz Gul and Manuel, Paul and Nazir, Babar},
  journal={The Journal of Supercomputing},
  volume={56},
  number={1},
  pages={106--128},
  year={2011},
  publisher={Springer}
}

@article{tamilvizhi2019novel,
  title={A novel method for adaptive fault tolerance during load balancing in cloud computing},
  author={Tamilvizhi, T and Parvathavarthini, B},
  journal={Cluster Computing},
  volume={22},
  number={5},
  pages={10425--10438},
  year={2019},
  publisher={Springer}
}

@article{garg2014fault,
  title={Fault tolerant task scheduling on computational grid using checkpointing under transient faults},
  author={Garg, Ritu and Singh, Awadhesh Kumar},
  journal={Arabian Journal for Science and Engineering},
  volume={39},
  number={12},
  pages={8775--8791},
  year={2014},
  publisher={Springer}
}

@inproceedings{aazam2014cloud,
  title={Cloud of Things: Integrating Internet of Things and cloud computing and the issues involved},
  author={Aazam, Mohammad and Khan, Imran and Alsaffar, Aymen Abdullah and Huh, Eui-Nam},
  booktitle={Proceedings of 2014 11th International Bhurban Conference on Applied Sciences \& Technology (IBCAST) Islamabad, Pakistan, 14th-18th January, 2014},
  pages={414--419},
  year={2014},
  organization={IEEE}
}

@article{aron2012formal,
  title={Formal QoS policy based grid resource provisioning framework},
  author={Aron, Rajni and Chana, Inderveer},
  journal={Journal of Grid Computing},
  volume={10},
  number={2},
  pages={249--264},
  year={2012},
  publisher={Springer}
}

@article{patel2015improved,
  title={An improved approach for load balancing among heterogeneous resources in computational grids},
  author={Patel, Deepak Kumar and Tripathy, Chitaranjan},
  journal={Engineering with Computers},
  volume={31},
  number={4},
  pages={825--839},
  year={2015},
  publisher={Springer}
}

@article{liu2016towards,
  title={Towards a multi-QoS human-centric cloud computing load balance resource allocation method},
  author={Liu, Lixia and Mei, Hong and Xie, Bing},
  journal={The Journal of Supercomputing},
  volume={72},
  number={7},
  pages={2488--2501},
  year={2016},
  publisher={Springer}
}

@article{rathore2015variable,
  title={Variable threshold-based hierarchical load balancing technique in Grid},
  author={Rathore, Neeraj and Chana, Inderveer},
  journal={Engineering with computers},
  volume={31},
  number={3},
  pages={597--615},
  year={2015},
  publisher={Springer}
}

@article{kaushik2016energy,
  title={An energy-efficient reliable grid scheduling model using NSGA-II},
  author={Kaushik, Achal and Vidyarthi, Deo Prakash},
  journal={Engineering with Computers},
  volume={32},
  number={3},
  pages={355--376},
  year={2016},
  publisher={Springer}
}

@article{parameswaran2009cloud,
  title={Cloud interoperability and standardization},
  author={Parameswaran, AV and Chaddha, Asheesh},
  journal={SETlabs briefings},
  volume={7},
  number={7},
  pages={19--26},
  year={2009}
}

@inproceedings{suwandika2018increasing,
  title={Increasing SDN Network Performance Using Load Balancing Scheme on Web Server},
  author={Suwandika, I Putu Adhi and Nugroho, Muhammad Arief and Abdurahman, Maman},
  booktitle={2018 6th International Conference on Information and Communication Technology (ICoICT)},
  pages={459--463},
  year={2018},
  organization={IEEE}
}

@article{bezboruah2015performance,
  title={Performance evaluation of hierarchical SOAP based web service in load balancing cluster-based and non-cluster-based web server},
  author={Bezboruah, Tulshi and Bora, Abhijit},
  journal={International Journal of Information Retrieval Research (IJIRR)},
  volume={5},
  number={4},
  pages={19--30},
  year={2015},
  publisher={IGI Global}
}

@misc{netcraft2021webServerSurveyApril2021,
	author = {netcraft.com},
	title = {April 2021 Web Server Survey},
	year = {2021},
	url = {https://news.netcraft.com/archives/2021/04/30/april-2021-web-server-survey.html}
}

@inproceedings{qu2010web,
  title={Web server optimization model based on performance analysis},
  author={Qu, Zhaoyang and Wang, Wei and Li, Zhiqian},
  booktitle={2010 6th International Conference on Wireless Communications Networking and Mobile Computing (WiCOM)},
  pages={1--4},
  year={2010},
  organization={IEEE}
}

@misc{dreamhost2021webserverPerformanceComparison,
	author = {dreamhost.com},
	title = {Web server performance comparison},
	year = {2021},
	url = {https://help.dreamhost.com/hc/en-us/articles/215945987-Web-server-performance-comparison}
}

@inproceedings{prakash2015performance,
  title={Performance analysis of process driven and event driven web servers},
  author={Prakash, P and Biju, R and Kamath, MohanSowmya},
  booktitle={2015 IEEE 9th International Conference on Intelligent Systems and Control (ISCO)},
  pages={1--7},
  year={2015},
  organization={IEEE}
}

@article{dabkiewicz2012web,
  title={Web server performance analysis},
  author={Dabkiewicz, Sebastian},
  journal={Student project, University of Amsterdam},
  year={2012},
  publisher={Citeseer}
}

@inproceedings{chen2015performance,
  title={Performance measurement and queueing model of Web servers with a variation of Webpage sizes},
  author={Chen, Chung-Ping and Lin, Guan-Jhong and Lin, Yen-Hsing and Song, Huai-Ping and Bai, Ying-Wen},
  booktitle={2015 International Symposium on Next-Generation Electronics (ISNE)},
  pages={1--4},
  year={2015},
  organization={IEEE}
}

@inproceedings{heinzl2013toward,
  title={Toward a cloud-ready dynamic load balancer based on the apache web server},
  author={Heinzl, Steffen and Metz, Christoph},
  booktitle={2013 Workshops on Enabling Technologies: Infrastructure for Collaborative Enterprises},
  pages={342--345},
  year={2013},
  organization={IEEE}
}

@misc{dynamicNginxConfigurationUsingNginxPlus,
	author = {docs.nginx.com},
	title = {Dynamic Configuration Using the NGINX Plus API},
	year = {2021},
	url = {https://docs.nginx.com/nginx/admin-guide/load-balancer/http-load-balancer/?ref=hackernoon.com#dynamic}
}

@inproceedings{siau1998evaluation,
  title={Evaluation of information modeling methods-a review},
  author={Siau, Keng and Rossi, Matti},
  booktitle={Proceedings of the Thirty-First Hawaii International Conference on System Sciences},
  volume={5},
  pages={314--322},
  year={1998},
  organization={IEEE}
}

@book{montgomery2017design,
  title={Design and analysis of experiments},
  author={Montgomery, Douglas C},
  year={2017},
  publisher={John wiley \& sons}
}

@article{kolata1982computer,
  title={Computer graphics comes to statistics},
  author={Kolata, Gina},
  journal={Science},
  volume={217},
  number={4563},
  pages={919--920},
  year={1982},
  publisher={American Association for the Advancement of Science}
}

@book{heinrich2014informationsmanagement,
  title={Informationsmanagement},
  author={Heinrich, Lutz J and Riedl, Ren{\'e} and Stelzer, Dirk},
  year={2014},
  publisher={De Gruyter Oldenbourg}
}

@misc{apacheSourceRepo2021,
	author = {apache.org},
	title = {Index of /httpd/httpd/branches/2.4.x},
	year = {2021},
	url = {https://svn.apache.org/viewvc/httpd/httpd/branches/2.4.x/}
}

@misc{nginxSourceRepo2021,
	author = {hg.nginx.org},
	title = {Mercurial \> nginx.org},
	year = {2021},
	url = {http://hg.nginx.org/nginx.org}
}


@misc{proxmoxSupportSubscriptions,
	author = {www.proxmox.com},
	title = {Proxmox Support Subscriptions},
	year = {2022},
	url = {https://www.proxmox.com/en/proxmox-ve/pricing}
}

@misc{thomasKrennWebsite,
	author = {www.thomas-krenn.com},
	title = {Thomas Krenn},
	year = {2022},
	url = {https://www.thomas-krenn.com/en/index.html}
}

@misc{awsEc2DedicatedHosts,
	author = {aws.amazon.com},
	title = {Amazon EC2 Dedicated Hosts},
	year = {2022},
	url = {https://aws.amazon.com/ec2/dedicated-hosts/}
}

@misc{awsImportEc2Instance,
	author = {aws.amazon.com},
	title = {Amazon EC2 VM Import/Export},
	year = {2022},
	url = {https://aws.amazon.com/premiumsupport/knowledge-center/import-server-ec2-instance/}
}

@misc{merriamWebsterDefinitionInterview,
	author = {MerriamWebsterDictionary},
	title = {Definition of interview},
	year = {2022},
	url = {https://www.merriam-webster.com/dictionary/interview}
}

@misc{merriamWebsterDefinitionContract,
	author = {MerriamWebsterDictionary},
	title = {Definition of contract},
	year = {2022},
	url = {https://www.merriam-webster.com/dictionary/contract}
}




